@book{harriscissp,
	author = {Harris, Shon},
	title = {CISSP All-in-One Exam Guide},
	year = {2012},
	isbn = {9780071781749},
	edition = {6th},
	publisher = {McGraw-Hill Osborne Media},
}

@INPROCEEDINGS{6517700,
	author={Alhazmi, O.H. and Malaiya, Y.K.},
	booktitle={Reliability and Maintainability Symposium (RAMS), 2013 Proceedings---Annual},
	title={Evaluating disaster recovery plans using the cloud},
	year={2013},
	month={Jan},
	pages={1-6},
	keywords={business continuity;cloud computing;information management;planning;BCP;DRP maintenance;RPO;RTO;active disaster recovery plan;business continuity plan;cloud computing;cost evaluation;data loss;data storage;data transfer;disaster occurrence probability;disaster recovery option;optimal disaster recovery planning;organization data needs;recovery point objective;recovery time objective;service restoration;target recovery requirement;Cloud computing;Organizations;Reliability;Security;Servers;Switches;Cloud;Disaster Recovery;RPO;RTO;Risk Analysis and Management},
	doi={10.1109/RAMS.2013.6517700},
	ISSN={0149-144X},
}

@ARTICLE{1301248, 
	author={Fallara, P.}, 
	journal={Potentials, IEEE}, 
	title={Disaster recovery planning}, 
	year={2004}, 
	month={Dec}, 
	volume={22}, 
	number={5}, 
	pages={42-44}, 
	keywords={business continuity;enterprise resource planning;risk management;security of data;computer virus;disaster recovery planning;huge earthquake;information technology professionals;management teams;risk management;Application software;Companies;Computer networks;Databases;Disaster management;Financial management;Hardware;NIST;Protection;Risk management}, 
	doi={10.1109/MP.2004.1301248}, 
	ISSN={0278-6648},
}

@INPROCEEDINGS{4654446, 
	author={Wiboonrat, M. and Kosavisutte, K.}, 
	booktitle={Management of Innovation and Technology, 2008. ICMIT 2008. 4th IEEE International Conference on}, 
	title={Optimization strategy for disaster recovery}, 
	year={2008}, 
	month={Sept}, 
	pages={675-680}, 
	keywords={banking;business continuity;optimisation;risk management;security of data;strategic planning;IT contingency planning;banking business services;business continuity;data security;disaster recovery;financial records accuracy;financial records availability;financial records security;optimization strategy;recovery point objective;recovery time objective;Availability;Banking;Business continuity;Data security;Information analysis;Information security;Information technology;Process planning;Strategic planning;Technology planning;Business Impact Analysis (BIA);Disaster Recovery (DR);Information Technology Contingency Planning (ITCP);and Business Continuity Plans (BCP)}, 
	doi={10.1109/ICMIT.2008.4654446},
}
