@Article{Host,
author = {Hostland, Enstad, Eilertsen, Boe},
title = {Information Security Practice, Best Practice},
journal = {Geant},
year = {2010}
}
@Article{Sans,
author = {Guel et al},
title = {Information Security Policy Templates},
journal = {SANS Policy Project},
year = {2014}
}
@Article{Ox,
author = {Oxford IT services},
title = {Information Security Incident Reponse},
journal = {University of Oxford},
year = {2014}
}
