@Article{WikiD,
author = {Wiki},
title = {Data Integrity},
journal = {Wikipedia Article},
year = {2014},
}
@Article{WikiDe,
author = {Wiki},
title = {Data Deduplication},
journal = {Wikipedia Article},
year = {2014},
}
@Article{Gart,
author = {Gartner},
title = {2014 Gartner Magical Quadrant for Backup/Recovery Software},
journal = {Gartner},
year = {2014},
}
